<?xml version="1.0" encoding="UTF-8"?><collection xmlns="http://www.loc.gov/MARC21/slim"><record><leader>00295nam--2200121-i-4500</leader><controlfield tag="001">000035491</controlfield><controlfield tag="002">20161230</controlfield><controlfield tag="005">20161230201040</controlfield><controlfield tag="008">060222s1000------------r-----000-0-eng-d</controlfield><datafield ind1=" " ind2=" " tag="100"><subfield code="a">Page, Chester H</subfield></datafield><datafield ind1=" " ind2=" " tag="245"><subfield code="a">Physical mathematics</subfield></datafield><datafield ind1=" " ind2=" " tag="260"><subfield code="a">New York, Van Nostrand, 1955, X + 329p</subfield></datafield><datafield ind1=" " ind2=" " tag="852"><subfield code="a">12978</subfield></datafield></record></collection>